% Encoding: UTF-8

@Article{Ach03,
  author    = {Dimitris Achlioptas},
  title     = {Database-friendly random projections: Johnson Lindenstrauss with binary coins},
  journal   = {Journal of Computer and System Sciences},
  year      = {2003},
  volume    = {66},
  number    = {4},
  pages     = {671--687},
  doi       = {10.1016/s0022-0000(03)00025-4},
  publisher = {Elsevier {BV}},
}

@Article{AC09,
  author    = {Nir Ailon and Bernard Chazelle},
  title     = {The Fast Johnson{\textendash}Lindenstrauss Transform and Approximate Nearest Neighbors},
  journal   = {{SIAM} Journal on Computing},
  year      = {2009},
  volume    = {39},
  number    = {1},
  pages     = {302--322},
  doi       = {10.1137/060673096},
  publisher = {Society for Industrial {\&} Applied Mathematics ({SIAM})},
}

@Article{AEP18,
  author    = {Evangelos Anagnostopoulos and Ioannis Z. Emiris and Ioannis Psarros},
  title     = {Randomized Embeddings with Slack and High-Dimensional Approximate Nearest Neighbor},
  journal   = {{ACM} Transactions on Algorithms},
  year      = {2018},
  volume    = {14},
  number    = {2},
  pages     = {1--21},
  doi       = {10.1145/3178540},
  publisher = {Association for Computing Machinery ({ACM})},
}

@Article{AI08,
  author    = {Alexandr Andoni and Piotr Indyk},
  title     = {Near-optimal hashing algorithms for approximate nearest neighbor in high dimensions},
  journal   = {Communications of the {ACM}},
  year      = {2008},
  volume    = {51},
  number    = {1},
  pages     = {117},
  doi       = {10.1145/1327452.1327494},
  publisher = {Association for Computing Machinery ({ACM})},
}

@InProceedings{ALRW17,
  author    = {Alexandr Andoni and Thijs Laarhoven and Ilya P. Razenshteyn and Erik Waingarten},
  title     = {Optimal Hashing-based Time-Space Trade-offs for Approximate Near Neighbors},
  booktitle = {Proceedings of the Twenty-Eighth Annual {ACM-SIAM} Symposium on Discrete Algorithms, {SODA}, Barcelona, Spain},
  year      = {2017},
  pages     = {47--66},
  bibsource = {dblp computer science bibliography, https://dblp.org},
  biburl    = {https://dblp.org/rec/bib/conf/soda/AndoniLRW17},
  doi       = {10.1137/1.9781611974782.4},
  timestamp = {Wed, 24 May 2017 08:31:21 +0200},
  url       = {https://doi.org/10.1137/1.9781611974782.4},
}

@InProceedings{ANNRW17,
  author    = {Alexandr Andoni and Huy L. Nguyen and Aleksandar Nikolov and Ilya P. Razenshteyn and Erik Waingarten},
  title     = {Approximate near neighbors for general symmetric norms},
  booktitle = {Proceedings of the 49th Annual {ACM} Symposium on Theory of Computing, {STOC}, Montreal, QC, Canada},
  year      = {2017},
  pages     = {902--913},
  bibsource = {dblp computer science bibliography, https://dblp.org},
  biburl    = {https://dblp.org/rec/bib/conf/stoc/AndoniNNRW17},
  doi       = {10.1145/3055399.3055418},
  timestamp = {Tue, 06 Nov 2018 11:07:04 +0100},
  url       = {https://doi.org/10.1145/3055399.3055418},
}

@inproceedings{BG16,
  author    = {Yair Bartal and
               Lee{-}Ad Gottlieb},
  title     = {Dimension Reduction Techniques for {\(\mathrm{l}\)}\({}_{\mbox{p}}\)
               (1{\textless}p{\textless}2), with Applications},
  booktitle = {32nd International Symposium on Computational Geometry, SoCG, Boston, MA, {USA}},
  pages     = {16:1--16:15},
  year      = {2016},
  url       = {https://doi.org/10.4230/LIPIcs.SoCG.2016.16},
  doi       = {10.4230/LIPIcs.SoCG.2016.16},
  timestamp = {Thu, 23 Aug 2018 15:56:18 +0200},
  biburl    = {https://dblp.org/rec/bib/conf/compgeom/BartalG16},
  bibsource = {dblp computer science bibliography, https://dblp.org}
}

@Article{BG19,
  author    = {Yair Bartal and Lee{-}Ad Gottlieb},
  title     = {Approximate nearest neighbor search for {\(\mathrm{l}\)}\({}_{\mbox{p}}\)-spaces (2{\textless}p{\textless}{\(\infty\)})},
  journal   = {Theor. Comput. Sci.},
  year      = {2019},
  volume    = {757},
  pages     = {27--35},
  bibsource = {dblp computer science bibliography, https://dblp.org},
  biburl    = {https://dblp.org/rec/bib/journals/tcs/BartalG19},
  doi       = {10.1016/j.tcs.2018.07.011},
  timestamp = {Tue, 22 Jan 2019 16:22:47 +0100},
  url       = {https://doi.org/10.1016/j.tcs.2018.07.011},
}

@InProceedings{CG06,
  author    = {Richard Cole and Lee{-}Ad Gottlieb},
  title     = {Searching dynamic point sets in spaces with bounded doubling dimension},
  booktitle = {Proceedings of the 38th Annual {ACM} Symposium on Theory of Computing, Seattle, WA, USA},
  year      = {2006},
  pages     = {574--583},
  bibsource = {dblp computer science bibliography, https://dblp.org},
  biburl    = {https://dblp.org/rec/bib/conf/stoc/ColeG06},
  doi       = {10.1145/1132516.1132599},
  timestamp = {Tue, 06 Nov 2018 11:07:04 +0100},
  url       = {https://doi.org/10.1145/1132516.1132599},
}

@Article{HIM12,
  author    = {Sariel Har{-}Peled and Piotr Indyk and Rajeev Motwani},
  title     = {Approximate Nearest Neighbor: Towards Removing the Curse of Dimensionality},
  journal   = {Theory of Computing},
  year      = {2012},
  volume    = {8},
  number    = {1},
  pages     = {321--350},
  bibsource = {dblp computer science bibliography, https://dblp.org},
  biburl    = {https://dblp.org/rec/bib/journals/toc/Har-PeledIM12},
  doi       = {10.4086/toc.2012.v008a014},
  timestamp = {Wed, 17 May 2017 14:25:15 +0200},
  url       = {https://doi.org/10.4086/toc.2012.v008a014},
}

@Article{HM06,
  author    = {Sariel Har-Peled and Manor Mendel},
  title     = {Fast Construction of Nets in Low-Dimensional Metrics and Their Applications},
  journal   = {{SIAM} Journal on Computing},
  year      = {2006},
  volume    = {35},
  number    = {5},
  pages     = {1148--1184},
  doi       = {10.1137/s0097539704446281},
  publisher = {Society for Industrial {\&} Applied Mathematics ({SIAM})},
}

@Article{Ind01,
  author    = {Piotr Indyk},
  title     = {On Approximate Nearest Neighbors under l$\infty$ Norm},
  journal   = {Journal of Computer and System Sciences},
  year      = {2001},
  volume    = {63},
  number    = {4},
  pages     = {627--638},
  doi       = {10.1006/jcss.2001.1781},
  publisher = {Elsevier {BV}},
}

@Article{Ind06,
  author    = {Piotr Indyk},
  title     = {Stable distributions, pseudorandom generators, embeddings, and data stream computation},
  journal   = {Journal of the {ACM}},
  year      = {2006},
  volume    = {53},
  number    = {3},
  pages     = {307--323},
  doi       = {10.1145/1147954.1147955},
  publisher = {Association for Computing Machinery ({ACM})},
}

@Article{IN07,
  author    = {Piotr Indyk and Assaf Naor},
  title     = {Nearest-neighbor-preserving embeddings},
  journal   = {{ACM} Transactions on Algorithms},
  year      = {2007},
  volume    = {3},
  number    = {3},
  pages     = {31--es},
  doi       = {10.1145/1273340.1273347},
  publisher = {Association for Computing Machinery ({ACM})},
}

@InProceedings{IM98,
  author    = {Piotr Indyk and Rajeev Motwani},
  title     = {Approximate Nearest Neighbors: Towards Removing the Curse of Dimensionality},
  booktitle = {Proceedings of the Thirtieth Annual {ACM} Symposium on the Theory of Computing, Dallas, Texas, USA},
  year      = {1998},
  pages     = {604--613},
  bibsource = {dblp computer science bibliography, https://dblp.org},
  biburl    = {https://dblp.org/rec/bib/conf/stoc/IndykM98},
  doi       = {10.1145/276698.276876},
  timestamp = {Tue, 06 Nov 2018 11:07:04 +0100},
  url       = {https://doi.org/10.1145/276698.276876},
}

@Book{SDI06,
  title     = {Nearest-Neighbor Methods in Learning and Vision: Theory and Practice},
  publisher = {The {MIT} Press},
  year      = {2006},
  author    = {Gregory Shakhnarovich and Trevor Darrell and Piotr Indyk},
  isbn      = {026219547X},
  date      = {2006-03-11},
  ean       = {9780262195478},
  url       = {https://www.ebook.de/de/product/5192098/nearest_neighbor_methods_in_learning_and_vision_theory_and_practice.html},
}

@InProceedings{BKL06,
  author    = {Alina Beygelzimer and Sham Kakade and John Langford},
  title     = {Cover trees for nearest neighbor},
  booktitle = {Machine Learning, Proceedings of the Twenty-Third International Conference ({ICML}), Pittsburgh, Pennsylvania, USA},
  year      = {2006},
  pages     = {97--104},
  bibsource = {dblp computer science bibliography, https://dblp.org},
  biburl    = {https://dblp.org/rec/bib/conf/icml/BeygelzimerKL06},
  doi       = {10.1145/1143844.1143857},
  timestamp = {Wed, 28 Nov 2018 12:57:16 +0100},
  url       = {https://doi.org/10.1145/1143844.1143857},
}

@Article{BC05,
  author    = {Bo Brinkman and Moses Charikar},
  title     = {On the impossibility of dimension reduction in l1},
  journal   = {Journal of the {ACM}},
  year      = {2005},
  volume    = {52},
  number    = {5},
  pages     = {766--788},
  doi       = {10.1145/1089023.1089026},
  publisher = {Association for Computing Machinery ({ACM})},
}

@Article{Dub10,
  author    = {Moshe Dubiner},
  title     = {Bucketing Coding and Information Theory for the Statistical High-Dimensional Nearest-Neighbor Problem},
  journal   = {{IEEE} Transactions on Information Theory},
  year      = {2010},
  volume    = {56},
  number    = {8},
  pages     = {4166--4179},
  doi       = {10.1109/tit.2010.2050814},
  publisher = {Institute of Electrical and Electronics Engineers ({IEEE})},
}

@InProceedings{JL84,
  author               = {William B. Johnson and Joram Lindenstrauss},
  title                = {Extensions of {L}ipschitz mappings into a {H}ilbert space},
  booktitle            = {Proc. Conf.\ in modern analysis and probability (New Haven, Conn.)},
  year                 = {1984},
  volume               = {26},
  series               = {Contemporary Mathematics},
  pages                = {189--206},
  publisher            = {American Mathematical Society},
  citeulike-article-id = {7030987},
  keywords             = {hilbert, mappings, spaces},
}

@InProceedings{KL04,
  author    = {Robert Krauthgamer and James R. Lee},
  title     = {Navigating nets: simple algorithms for proximity search},
  booktitle = {Proceedings of the Fifteenth Annual {ACM-SIAM} Symposium on Discrete Algorithms, {SODA}, New Orleans, Louisiana, USA},
  year      = {2004},
  pages     = {798--807},
  bibsource = {dblp computer science bibliography, https://dblp.org},
  biburl    = {https://dblp.org/rec/bib/conf/soda/KrauthgamerL04},
  timestamp = {Fri, 07 Dec 2012 17:02:09 +0100},
  url       = {http://dl.acm.org/citation.cfm?id=982792.982913},
}

@Article{LN04,
  author    = {James R. Lee and Assaf Naor},
  title     = {Embedding the diamond graph in Lp and dimension reduction in L1},
  journal   = {Geometric And Functional Analysis},
  year      = {2004},
  volume    = {14},
  number    = {4},
  doi       = {10.1007/s00039-004-0473-8},
  publisher = {Springer Nature},
}

@InProceedings{MO15,
  author    = {Alexander May and Ilya Ozerov},
  title     = {On Computing Nearest Neighbors with Applications to Decoding of Binary Linear Codes},
  booktitle = {Advances in Cryptology - {EUROCRYPT} - 34th Annual International Conference on the Theory and Applications of Cryptographic Techniques, Sofia, Bulgaria},
  year      = {2015},
  pages     = {203--228},
  bibsource = {dblp computer science bibliography, https://dblp.org},
  biburl    = {https://dblp.org/rec/bib/conf/eurocrypt/0001O15},
  doi       = {10.1007/978-3-662-46800-5\_9},
  timestamp = {Sat, 24 Nov 2018 11:59:26 +0100},
  url       = {https://doi.org/10.1007/978-3-662-46800-5\_9},
}

@InProceedings{KR02,
  author    = {David R. Karger and Matthias Ruhl},
  title     = {Finding nearest neighbors in growth-restricted metrics},
  booktitle = {Proceedings on 34th Annual {ACM} Symposium on Theory of Computing, Montr{\'{e}}al, Qu{\'{e}}bec, Canada},
  year      = {2002},
  pages     = {741--750},
  bibsource = {dblp computer science bibliography, https://dblp.org},
  biburl    = {https://dblp.org/rec/bib/conf/stoc/KargerR02},
  doi       = {10.1145/509907.510013},
  timestamp = {Tue, 06 Nov 2018 11:07:06 +0100},
  url       = {https://doi.org/10.1145/509907.510013},
}

@InProceedings{DIIM04,
  author    = {Mayur Datar and Nicole Immorlica and Piotr Indyk and Vahab S. Mirrokni},
  title     = {Locality-sensitive hashing scheme based on p-stable distributions},
  booktitle = {Proceedings of the 20th {ACM} Symposium on Computational Geometry, Brooklyn, New York, USA},
  year      = {2004},
  pages     = {253--262},
  bibsource = {dblp computer science bibliography, https://dblp.org},
  biburl    = {https://dblp.org/rec/bib/conf/compgeom/DatarIIM04},
  doi       = {10.1145/997817.997857},
  timestamp = {Mon, 26 Nov 2018 17:17:20 +0100},
  url       = {https://doi.org/10.1145/997817.997857},
}

@Book{Zol86,
  title     = {One-Dimensional Stable Distributions (Translations of Mathematical Monographs - Vol 65)},
  publisher = {American Mathematical Society},
  year      = {1986},
  author    = {Vladimir M. Zolotarev},
  isbn      = {0-8218-4519-5},
}

@book{Nol18,
  author = {John P. Nolan},
  title = {Stable Distributions - Models for Heavy Tailed Data},
  year = {2018},
  publisher = {Birkhauser},
  address = {Boston},
} 

@Article{CMS76,
  author    = {John M. Chambers and Colin L. Mallows and B. W. Stuck},
  title     = {A Method for Simulating Stable Random Variables},
  journal   = {Journal of the American Statistical Association},
  year      = {1976},
  volume    = {71},
  number    = {354},
  pages     = {340--344},
  doi       = {10.1080/01621459.1976.10480344},
  publisher = {Informa {UK} Limited},
}

@article{EHS15,
  author    = {David Eppstein and
               Sariel Har{-}Peled and
               Anastasios Sidiropoulos},
  title     = {Approximate Greedy Clustering and Distance Selection for Graph Metrics},
  journal   = {CoRR},
  volume    = {abs/1507.01555},
  year      = {2015},
  url       = {http://arxiv.org/abs/1507.01555},
  archivePrefix = {arXiv},
  eprint    = {1507.01555},
  timestamp = {Mon, 13 Aug 2018 16:46:09 +0200},
  biburl    = {https://dblp.org/rec/bib/journals/corr/EppsteinHS15},
  bibsource = {dblp computer science bibliography, https://dblp.org}
}

@Article{OWZ14,
  author    = {Ryan O'Donnell and Yi Wu and Yuan Zhou},
  title     = {Optimal Lower Bounds for Locality-Sensitive Hashing (Except When q is Tiny)},
  journal   = {{ACM} Transactions on Computation Theory},
  year      = {2014},
  volume    = {6},
  number    = {1},
  pages     = {1--13},
  doi       = {10.1145/2578221},
  publisher = {Association for Computing Machinery ({ACM})},
}

@Article{MNP07,
  author    = {Rajeev Motwani and Assaf Naor and Rina Panigrahy},
  title     = {Lower Bounds on Locality Sensitive Hashing},
  journal   = {{SIAM} J. Discrete Math.},
  year      = {2007},
  volume    = {21},
  number    = {4},
  pages     = {930--935},
  bibsource = {dblp computer science bibliography, https://dblp.org},
  biburl    = {https://dblp.org/rec/bib/journals/siamdm/MotwaniNP07},
  doi       = {10.1137/050646858},
  timestamp = {Fri, 26 May 2017 22:54:48 +0200},
  url       = {https://doi.org/10.1137/050646858},
}

@article{Cla99,
  author    = {Kenneth L. Clarkson},
  title     = {Nearest Neighbor Queries in Metric Spaces},
  journal   = {Discrete {\&} Computational Geometry},
  volume    = {22},
  number    = {1},
  pages     = {63--93},
  year      = {1999},
  url       = {https://doi.org/10.1007/PL00009449},
  doi       = {10.1007/PL00009449},
  timestamp = {Tue, 26 Jun 2018 14:09:55 +0200},
  biburl    = {https://dblp.org/rec/bib/journals/dcg/Clarkson99},
  bibsource = {dblp computer science bibliography, https://dblp.org}
}

@Article{AMM09,
  author    = {Sunil Arya and Theocharis Malamatos and David M. Mount},
  title     = {Space-time tradeoffs for approximate nearest neighbor searching},
  journal   = {Journal of the {ACM}},
  year      = {2009},
  volume    = {57},
  number    = {1},
  pages     = {1--54},
  doi       = {10.1145/1613676.1613677},
  publisher = {Association for Computing Machinery ({ACM})},
}

@Article{AdFM18,
  author    = {Sunil Arya and Guilherme D. da Fonseca and David M. Mount},
  title     = {Approximate Polytope Membership Queries},
  journal   = {{SIAM} Journal on Computing},
  year      = {2018},
  volume    = {47},
  number    = {1},
  pages     = {1--51},
  doi       = {10.1137/16m1061096},
  publisher = {Society for Industrial {\&} Applied Mathematics ({SIAM})},
}

@Article{AMNSW98,
  author    = {Sunil Arya and David M. Mount and Nathan S. Netanyahu and Ruth Silverman and Angela Y. Wu},
  title     = {An optimal algorithm for approximate nearest neighbor searching fixed dimensions},
  journal   = {Journal of the {ACM}},
  year      = {1998},
  volume    = {45},
  number    = {6},
  pages     = {891--923},
  doi       = {10.1145/293347.293348},
  publisher = {Association for Computing Machinery ({ACM})},
}

@Article{Mei93,
  author    = {Stefan Meiser},
  title     = {Point Location in Arrangements of Hyperplanes},
  journal   = {Information and Computation},
  year      = {1993},
  volume    = {106},
  number    = {2},
  pages     = {286--303},
  doi       = {10.1006/inco.1993.1057},
  publisher = {Elsevier {BV}},
}

@inproceedings{AINR14,
  author    = {Alexandr Andoni and
               Piotr Indyk and
               Huy L. Nguyen and
               Ilya P. Razenshteyn},
  title     = {Beyond Locality-Sensitive Hashing},
  booktitle = {Proceedings of the Twenty-Fifth Annual {ACM-SIAM} Symposium on Discrete
               Algorithms, {SODA}, Portland, Oregon, USA},
  pages     = {1018--1028},
  year      = {2014},
  url       = {https://doi.org/10.1137/1.9781611973402.76},
  doi       = {10.1137/1.9781611973402.76},
  timestamp = {Wed, 24 May 2017 08:31:21 +0200},
  biburl    = {https://dblp.org/rec/bib/conf/soda/AndoniINR14},
  bibsource = {dblp computer science bibliography, https://dblp.org}
}

@inproceedings{AR15,
  author    = {Alexandr Andoni and
               Ilya P. Razenshteyn},
  title     = {Optimal Data-Dependent Hashing for Approximate Near Neighbors},
  booktitle = {Proceedings of the Forty-Seventh Annual {ACM} on Symposium on Theory
               of Computing, {STOC}, Portland, OR, USA},
  pages     = {793--801},
  year      = {2015},
  url       = {https://doi.org/10.1145/2746539.2746553},
  doi       = {10.1145/2746539.2746553},
  timestamp = {Tue, 06 Nov 2018 11:07:04 +0100},
  biburl    = {https://dblp.org/rec/bib/conf/stoc/AndoniR15},
  bibsource = {dblp computer science bibliography, https://dblp.org}
}

@inproceedings{AR16,
  author    = {Alexandr Andoni and
               Ilya P. Razenshteyn},
  title     = {Tight Lower Bounds for Data-Dependent Locality-Sensitive Hashing},
  booktitle = {32nd International Symposium on Computational Geometry, SoCG, Boston, MA, {USA}},
  pages     = {9:1--9:11},
  year      = {2016},
  url       = {https://doi.org/10.4230/LIPIcs.SoCG.2016.9},
  doi       = {10.4230/LIPIcs.SoCG.2016.9},
  timestamp = {Thu, 23 Aug 2018 15:56:18 +0200},
  biburl    = {https://dblp.org/rec/bib/conf/compgeom/AndoniR16},
  bibsource = {dblp computer science bibliography, https://dblp.org}
}

@article{KL05,
  author    = {Robert Krauthgamer and
               James R. Lee},
  title     = {The black-box complexity of nearest-neighbor search},
  journal   = {Theor. Comput. Sci.},
  volume    = {348},
  number    = {2-3},
  pages     = {262--276},
  year      = {2005},
  url       = {https://doi.org/10.1016/j.tcs.2005.09.017},
  doi       = {10.1016/j.tcs.2005.09.017},
  timestamp = {Sun, 28 May 2017 13:20:08 +0200},
  biburl    = {https://dblp.org/rec/bib/journals/tcs/KrauthgamerL05},
  bibsource = {dblp computer science bibliography, https://dblp.org}
}

@inproceedings{Chan17,
  author    = {Timothy M. Chan},
  title     = {Orthogonal Range Searching in Moderate Dimensions: k-d Trees and Range Trees Strike Back},
  booktitle = {33rd International Symposium on Computational Geometry, SoCG, Brisbane, Australia},
  pages     = {27:1--27:15},
  year      = {2017},
  url       = {https://doi.org/10.4230/LIPIcs.SoCG.2017.27},
  doi       = {10.4230/LIPIcs.SoCG.2017.27},
  timestamp = {Thu, 23 Aug 2018 15:56:19 +0200},
  biburl    = {https://dblp.org/rec/bib/conf/compgeom/Chan17a},
  bibsource = {dblp computer science bibliography, https://dblp.org}
}

@article{LMN05,
  author    = {James R. Lee and
               Manor Mendel and
               Assaf Naor},
  title     = {Metric structures in \emph{L}\({}_{\mbox{1}}\): dimension, snowflakes,
               and average distortion},
  journal   = {Eur. J. Comb.},
  volume    = {26},
  number    = {8},
  pages     = {1180--1190},
  year      = {2005},
  url       = {https://doi.org/10.1016/j.ejc.2004.07.002},
  doi       = {10.1016/j.ejc.2004.07.002},
  timestamp = {Fri, 30 Nov 2018 13:28:36 +0100},
  biburl    = {https://dblp.org/rec/bib/journals/ejc/LeeMN05},
  bibsource = {dblp computer science bibliography, https://dblp.org}
}

@Comment{jabref-meta: databaseType:bibtex;}
